<record><leader>00000cas a2200000Ia 4500</leader><controlfield tag="001">707095005</controlfield><controlfield tag="007">hd afb---bucp</controlfield><controlfield tag="008">110314d19491955iludr nea     0    0eng c</controlfield><datafield ind1=" " ind2=" " tag="010"><subfield code="a">sn 92054550 </subfield></datafield><datafield ind1=" " ind2=" " tag="040"><subfield code="a">IUK</subfield><subfield code="b">eng</subfield><subfield code="c">IUK</subfield><subfield code="d">IUK</subfield><subfield code="d">OCLCF</subfield><subfield code="d">OCLCQ</subfield></datafield><datafield ind1=" " ind2=" " tag="043"><subfield code="a">n-us-il</subfield></datafield><datafield ind1="0" ind2=" " tag="130"><subfield code="a">Peoria journal (Peoria, Ill. : 1949)</subfield></datafield><datafield ind1="1" ind2="4" tag="245"><subfield code="a">The Peoria journal.</subfield></datafield><datafield ind1="1" ind2=" " tag="246"><subfield code="i">Published on Sundays as:</subfield><subfield code="a">Sunday journal-star</subfield></datafield><datafield ind1=" " ind2=" " tag="260"><subfield code="a">Peoria, Ill. :</subfield><subfield code="b">Carl P. Slane,</subfield><subfield code="c">1949-1955.</subfield></datafield><datafield ind1=" " ind2=" " tag="300"><subfield code="a">volumes</subfield></datafield><datafield ind1=" " ind2=" " tag="310"><subfield code="a">Daily</subfield></datafield><datafield ind1=" " ind2=" " tag="336"><subfield code="a">text</subfield><subfield code="b">txt</subfield><subfield code="2">rdacontent</subfield></datafield><datafield ind1=" " ind2=" " tag="337"><subfield code="a">microform</subfield><subfield code="b">h</subfield><subfield code="2">rdamedia</subfield></datafield><datafield ind1="0" ind2=" " tag="362"><subfield code="a">Vol. 94, no. 256 (Oct. 14, 1949)-v. 100, no. 159 (July 2, 1955).</subfield></datafield><datafield ind1=" " ind2=" " tag="515"><subfield code="a">Continues the numbering of Peoria journal-transcript.</subfield></datafield><datafield ind1=" " ind2=" " tag="515"><subfield code="a">Sunday issues have their own numbering.</subfield></datafield><datafield ind1=" " ind2=" " tag="580"><subfield code="a">Merged with: Peoria star, to form: Peoria journal star.</subfield></datafield><datafield ind1=" " ind2="0" tag="651"><subfield code="a">Peoria (Ill.)</subfield><subfield code="v">Newspapers.</subfield></datafield><datafield ind1=" " ind2="7" tag="651"><subfield code="a">Illinois</subfield><subfield code="z">Peoria.</subfield><subfield code="2">fast</subfield><subfield code="0">(OCoLC)fst01206107</subfield></datafield><datafield ind1=" " ind2="7" tag="655"><subfield code="a">Newspapers.</subfield><subfield code="2">fast</subfield><subfield code="0">(OCoLC)fst01423814</subfield></datafield><datafield ind1=" " ind2=" " tag="752"><subfield code="a">United States</subfield><subfield code="b">Illinois</subfield><subfield code="c">Peoria</subfield><subfield code="d">Peoria.</subfield></datafield><datafield ind1="0" ind2="8" tag="776"><subfield code="i">Print version:</subfield><subfield code="t">Peoria journal</subfield><subfield code="w">(OCoLC)25704298</subfield></datafield><datafield ind1="0" ind2="0" tag="780"><subfield code="t">Peoria journal-transcript</subfield><subfield code="w">(DLC)sn 82006867</subfield><subfield code="w">(OCoLC)707094969</subfield></datafield><datafield ind1="1" ind2="7" tag="785"><subfield code="t">Peoria star</subfield><subfield code="w">(DLC)sn2003061934</subfield><subfield code="w">(OCoLC)707095939</subfield></datafield><datafield ind1="1" ind2="7" tag="785"><subfield code="t">Peoria journal star</subfield><subfield code="w">(DLC)sn 83045400</subfield><subfield code="w">(OCoLC)707097305</subfield></datafield></record>